<?xml version="1.0" encoding="utf-8"?>
<record xmlns="http://www.loc.gov/MARC21/slim" xmlns:xsi="http://www.w3.org/2001/XMLSchema-instance" xsi:schemaLocation="http://www.loc.gov/MARC21/slim http://www.loc.gov/standards/marcxml/schema/MARC21slim.xsd">
	<leader>     nam a22        4500</leader>
	<controlfield tag="001">596308</controlfield>
	<controlfield tag="003">NNC</controlfield>
	<controlfield tag="006">m        d        </controlfield>
	<controlfield tag="007">cr cn |||m|||a</controlfield>
	<controlfield tag="008">171211m19479999sy      obc   001 0 arar </controlfield>
	<datafield ind1=" " ind2=" " tag="040">
		<subfield code="a">NNU</subfield>
		<subfield code="b">eng</subfield>
		<subfield code="e">rda</subfield>
		<subfield code="c">NNU</subfield>
	</datafield>
	<datafield ind1=" " ind2=" " tag="066">
		<subfield code="c">(3</subfield>
	</datafield>
	<datafield ind1=" " ind2=" " tag="043">
		<subfield code="a">a-sy---</subfield>
	</datafield>
	<datafield ind1="0" ind2="0" tag="050">
		<subfield code="a">Z6621</subfield>
		<subfield code="b">.D15</subfield>
	</datafield>
	<datafield ind1="2" ind2=" " tag="110">
		<subfield code="6">880-01</subfield>
		<subfield code="a">Dār al-Kutub al-Ẓāhirīyah.</subfield>
	</datafield>
	<datafield ind1="1" ind2="0" tag="245">
		<subfield code="6">880-02</subfield>
		<subfield code="a">Fihris makhṭūṭāt Dār al-Kutub al-Ẓāhirīyah.</subfield>
	</datafield>
	<datafield ind1=" " ind2=" " tag="260">
		<subfield code="6">880-03</subfield>
		<subfield code="a">Dimashq</subfield>
		<subfield code="c">1947-&lt;1984&gt;</subfield>
	</datafield>
	<datafield ind1=" " ind2=" " tag="300">
		<subfield code="a">online resource (volumes &lt;1-15; volumes 16; in 2&gt; in &lt;25&gt;)</subfield>
	</datafield>
	<datafield ind1=" " ind2=" " tag="336">
		<subfield code="a">text</subfield>
		<subfield code="2">rdacontent</subfield>
	</datafield>
	<datafield ind1=" " ind2=" " tag="337">
		<subfield code="a">computer</subfield>
		<subfield code="2">rdamedia</subfield>
	</datafield>
	<datafield ind1=" " ind2=" " tag="338">
		<subfield code="a">online resource</subfield>
		<subfield code="2">rdacarrier</subfield>
	</datafield>
	<datafield ind1="1" ind2=" " tag="490">
		<subfield code="6">880-04</subfield>
		<subfield code="a">Maṭbūʻāt al-Majmaʻ al-ʻIlmī al-ʻArabī bi-Dimashq</subfield>
	</datafield>
	<datafield ind1=" " ind2=" " tag="500">
		<subfield code="a">Vol. 5, [pt. 1] with introd. in Arabic and English, has added t.p.: Index of manuscripts on medicine, pharmacy, and allied sciences in the Zâhirîyah Library.</subfield>
	</datafield>
	<datafield ind1=" " ind2=" " tag="500">
		<subfield code="a">Vols. 1, pt. 2, 5-&lt;16&gt; have imprint Majmaʻ al-Lughah al-ʻArabīyah bi-Dimashq.</subfield>
	</datafield>
	<datafield ind1=" " ind2=" " tag="500">
		<subfield code="a">Includes supplement volume published in 1986 for v. 4 entitled: al-Shiʻr.</subfield>
	</datafield>
	<datafield ind1=" " ind2=" " tag="500">
		<subfield code="a">Part of the Arabic Collections Online (ACO) project, contributed by Columbia University Libraries.</subfield>
	</datafield>
	<datafield ind1=" " ind2=" " tag="504">
		<subfield code="a">Includes bibliographical references and indexes.</subfield>
	</datafield>
	<datafield ind1="1" ind2=" " tag="505">
		<subfield code="a">[1] al-Tārīkh wa-mulḥaqātuh. [Pt. 1] waḍaʻahu Yūsuf al-ʻUshsh. al-juzʼ 2. waḍaʻahu Khālid al-Rayyān. 2 v. --[2] ʻUlūm al-Qurʼān, waḍaʻahu ʻIzzat Ḥasan.--[3] al-Fiqh al-Shāfiʻī, waḍaʻahu ʻAbd al-Ghanī al-Daqir.--[4] al-Shiʻr waḍaʻahu ʻIzzat Ḥasan.--[5] al-Ṭibb wa-al-ṣaydalah. [Pt. 1] waḍaʻahu Sāmī Khalaf Ḥamārnah. [Pt. 2] waḍaʻahu Ṣalāḥ Muḥammad al-Khiyamī.--[6] ʻIlm al-hayʼah wa-mulḥaqātuh, waḍaʻahu Ibrāhīm Khūrī.--[7] ʻIlm al-jughrāfiyah wa-mulḥaqātuh, waḍaʻahu Ibrāhīm Khūrī.--[8] al-Muntakhab min makhṭūṭāt al-Ḥadīth, waḍaʻahu Muḥammad Nāṣir al-Dīn al-Albānī.--[9] al-Falsafah wa-al-manṭiq wa-ādāb al-baḥth, waḍaʻahu ʻAbd al-Ḥamīd al-Ḥasan.--[10] ʻUlūm al-lughah al-ʻArabīyah. [Pt. 1] al-Lughah-al-balāghah-al-ʻarūḍ-al-ṣarf, waḍaʻathu Asmāʼ Ḥimṣī. pt. 2] al-Naḥw, waḍaʻathu Asmāʼ Ḥimṣī. 2 v. --[11] al-Riyāḍīyāt, waḍaʻahu Muḥammad Ṣalāḥ ʻAyidī -- [12] al-Taṣawwuf, waḍʻ Muḥammad Riyāḍ al-Māliḥ. 3 v. --[13] al-ʻUlūm wa-al-funūn al-mukhtalifah ʻinda al-ʻArab, waḍʻ Muṣṭafá Saʻīd al-Ṣabbāgh.--[14] al-Fiqh al-Ḥanafī, waḍʻ Muḥammad Muṭiʻ al-Ḥāfiẓ. 2 v. --[15] ʻUlūm al-Qurʼān al-karīm, waḍaʻahu Ṣalāḥ Muḥammad al-Khiyamī. al-juzʼ 1. Without specific title. al-juzʼ 2. ʻUlūm al-Qurʼān-al-tafsīr. al-juzʼ 3. al-Tafsīr.--[16] Qism al-adab, waḍaʻahu Riyāḍ ʻAbd al-Ḥamīd Murād, Yāsīn Muḥammad al-Sawwās. 2 v.</subfield>
	</datafield>
	<datafield ind1=" " ind2=" " tag="533">
		<subfield code="a">Electronic reproduction.</subfield>
		<subfield code="b">New York, N.Y. :</subfield>
		<subfield code="c">New York University,</subfield>
		<subfield code="d">2017.</subfield>
		<subfield code="5">NNU</subfield>
	</datafield>
	<datafield ind1=" " ind2="0" tag="650">
		<subfield code="a">Manuscripts, Arabic</subfield>
		<subfield code="z">Syria</subfield>
		<subfield code="z">Damascus</subfield>
		<subfield code="v">Catalogs.</subfield>
	</datafield>
	<datafield ind1="2" ind2="0" tag="610">
		<subfield code="a">Dār al-Kutub al-Ẓāhirīyah</subfield>
		<subfield code="v">Catalogs.</subfield>
	</datafield>
	<datafield ind1="2" ind2="7" tag="610">
		<subfield code="a">Dār al-Kutub al-Ẓāhirīyah.</subfield>
		<subfield code="2">fast</subfield>
		<subfield code="0">(OCoLC)fst00556109</subfield>
	</datafield>
	<datafield ind1=" " ind2="7" tag="650">
		<subfield code="a">Manuscripts, Arabic.</subfield>
		<subfield code="2">fast</subfield>
		<subfield code="0">(OCoLC)fst01008278</subfield>
	</datafield>
	<datafield ind1=" " ind2="7" tag="651">
		<subfield code="a">Syria</subfield>
		<subfield code="z">Damascus.</subfield>
		<subfield code="2">fast</subfield>
		<subfield code="0">(OCoLC)fst01207112</subfield>
	</datafield>
	<datafield ind1=" " ind2="7" tag="655">
		<subfield code="a">Catalogs.</subfield>
		<subfield code="2">fast</subfield>
		<subfield code="0">(OCoLC)fst01423692</subfield>
	</datafield>
	<datafield ind1="2" ind2=" " tag="710">
		<subfield code="a">Columbia University.</subfield>
		<subfield code="b">Libraries.</subfield>
	</datafield>
	<datafield ind1="0" ind2=" " tag="730">
		<subfield code="a">Arabic Collections Online.</subfield>
	</datafield>
	<datafield ind1="0" ind2="8" tag="776">
		<subfield code="i">Online version:</subfield>
		<subfield code="a">Dār al-Kutub al-Ẓāhirīyah.</subfield>
		<subfield code="t">Fihris makhṭūṭāt Dār al-Kutub al-Ẓāhirīyah.</subfield>
		<subfield code="d">Dimashq 1947-&lt;1984&gt;</subfield>
		<subfield code="w">(OCoLC)558926599</subfield>
	</datafield>
	<datafield ind1="0" ind2="8" tag="776">
		<subfield code="i">Online version:</subfield>
		<subfield code="a">Dār al-Kutub al-Ẓāhirīyah.</subfield>
		<subfield code="t">Fihris makhṭūṭāt Dār al-Kutub al-Ẓāhirīyah.</subfield>
		<subfield code="d">Dimashq 1947-&lt;1984&gt;</subfield>
		<subfield code="w">(OCoLC)594838147</subfield>
	</datafield>
	<datafield ind1="0" ind2="8" tag="776">
		<subfield code="i">Print version:</subfield>
		<subfield code="a">Dār al-Kutub al-Ẓāhirīyah.</subfield>
		<subfield code="t">Fihris makhṭūṭāt Dār al-Kutub al-Ẓāhirīyah</subfield>
		<subfield code="w">(NNC)596308</subfield>
		<subfield code="w">(DLC)   59023133 </subfield>
		<subfield code="w">(OCoLC)8985230</subfield>
	</datafield>
	<datafield ind1=" " ind2="0" tag="830">
		<subfield code="6">880-05</subfield>
		<subfield code="a">Maṭbūʻāt al-Majmaʻ al-ʻIlmī al-ʻArabī bi-Dimashq.</subfield>
	</datafield>
	<datafield ind1="4" ind2="0" tag="856">
		<subfield code="u">http://hdl.handle.net/2333.1/pzgmshrx</subfield>
	</datafield>
	<datafield ind1="2" ind2=" " tag="880">
		<subfield code="6">110-01/(3/r</subfield>
		<subfield code="a">دار الكتب الظاهرية.</subfield>
	</datafield>
	<datafield ind1="1" ind2="0" tag="880">
		<subfield code="6">245-02/(3/r</subfield>
		<subfield code="a">فهرس مخطوطات دار الكتب الظاهرية.</subfield>
	</datafield>
	<datafield ind1=" " ind2=" " tag="880">
		<subfield code="6">260-03/(3/r</subfield>
		<subfield code="a">دمشق :</subfield>
		<subfield code="b">المجمع العلمي العربي،</subfield>
		<subfield code="c">1947-</subfield>
	</datafield>
	<datafield ind1="1" ind2=" " tag="880">
		<subfield code="6">490-04/(3/r</subfield>
		<subfield code="a">مطبوعات المجمع العلمي العربي بدمشق</subfield>
	</datafield>
	<datafield ind1=" " ind2="0" tag="880">
		<subfield code="6">830-05/(3/r</subfield>
		<subfield code="a">مطبوعات المجمع العلمي العربي بدمشق.</subfield>
	</datafield>
	<datafield ind1=" " ind2=" " tag="959">
		<subfield code="a">NNU</subfield>
		<subfield code="b">WEB</subfield>
		<subfield code="c">GENI</subfield>
		<subfield code="t">0</subfield>
		<subfield code="m">Electronic access</subfield>
		<subfield code="s">01</subfield>
	</datafield>
	<datafield ind1=" " ind2=" " tag="999">
		<subfield code="i">NNC_596308</subfield>
		<subfield code="o">(OCoLC)ocm08985230</subfield>
		<subfield code="s">columbia_aco002814:v.2</subfield>
		<subfield code="s">columbia_aco002815:v.3</subfield>
	</datafield>
</record>
